<?xml version="1.0" encoding="UTF-8"?><collection xmlns="http://www.loc.gov/MARC21/slim"><record><leader>00563nam--2200193-i-4500</leader><controlfield tag="001">000049556</controlfield><controlfield tag="002">20161230</controlfield><controlfield tag="005">20161230201047</controlfield><controlfield tag="008">060222s1000------------r-----000-0-rus-d</controlfield><datafield ind1=" " ind2=" " tag="040"><subfield code="a">IFIN-HH</subfield></datafield><datafield ind1=" " ind2=" " tag="041"><subfield code="a">rus</subfield></datafield><datafield ind1=" " ind2=" " tag="080"><subfield code="a">519.2</subfield></datafield><datafield ind1="1" ind2=" " tag="100"><subfield code="a">Smirnov</subfield></datafield><datafield ind1="1" ind2="0" tag="245"><subfield code="a">Kurs teorii veroiatnostei i matematiceskoi statistiki dlia tehiceskih prilojenii</subfield><subfield code="c">N.v. smirnov, i.v. dunin-barkovskii</subfield></datafield><datafield ind1=" " ind2=" " tag="260"><subfield code="a">Moskva</subfield><subfield code="b">Fiziko-matematiceskoi Literaruri</subfield><subfield code="c">1963</subfield></datafield><datafield ind1=" " ind2=" " tag="300"><subfield code="a">511P</subfield></datafield><datafield ind1="1" ind2=" " tag="700"><subfield code="a">Dunin-barkovskii, I.V</subfield></datafield><datafield ind1=" " ind2=" " tag="852"><subfield code="a">21720</subfield><subfield code="c">519.24</subfield></datafield><datafield ind1=" " ind2=" " tag="CAT"><subfield code="a">Sys</subfield><subfield code="c">20130802</subfield><subfield code="h">140345</subfield></datafield></record></collection>